[gd_scene load_steps=11 format=2]

[ext_resource path="res://icon.png" type="Texture" id=1]
[ext_resource path="res://scripts/DisplayGridSimple2D.cs" type="Script" id=2]
[ext_resource path="res://ico2n.png" type="Texture" id=3]
[ext_resource path="res://images/2d_provisional/015_borders_2048.png" type="Texture" id=4]
[ext_resource path="res://images/placeholders/backgrounds_border_1200.png" type="Texture" id=5]
[ext_resource path="res://fonts/Home And Work.otf" type="DynamicFontData" id=6]
[ext_resource path="res://images/2d_provisional/backgrounds_v02.png" type="Texture" id=7]
[ext_resource path="res://images/2d_provisional/015_borders_2048_no_tiling.png" type="Texture" id=8]
[ext_resource path="res://prefabs/border_prefab.tscn" type="PackedScene" id=9]

[sub_resource type="DynamicFont" id=1]
size = 94
use_filter = true
font_data = ExtResource( 6 )

[node name="Node2D" type="Node2D"]
script = ExtResource( 2 )
AreaStartPoint2D = NodePath("Node2D/startPoint")
AreaEndPoint2D = NodePath("Node2D/endPoint")
LabelForScore = NodePath("Node2D/Label")
_backTexture = ExtResource( 1 )

[node name="Node2D" type="Node2D" parent="."]

[node name="startPoint" type="Position2D" parent="Node2D"]
position = Vector2( 164, 117 )

[node name="endPoint" type="Position2D" parent="Node2D"]
position = Vector2( 901, 740 )

[node name="Sprite" type="Sprite" parent="Node2D"]
visible = false
modulate = Color( 1, 1, 1, 0.329412 )
position = Vector2( 937, 457 )
scale = Vector2( 0.773334, 0.670194 )
z_index = -1
texture = ExtResource( 5 )

[node name="TextureRect" type="TextureRect" parent="Node2D"]
visible = false
margin_left = -12.0
margin_top = -12.0
margin_right = 1045.0
margin_bottom = 628.0
texture = ExtResource( 3 )
stretch_mode = 2

[node name="Ico2n" type="Sprite" parent="Node2D"]
visible = false
position = Vector2( -450, -206 )
scale = Vector2( 0.669986, 0.66564 )
z_index = -2
texture = ExtResource( 7 )
centered = false
region_enabled = true
region_rect = Rect2( -851.056, -428.929, 4074.39, 2053.39 )

[node name="Label" type="Label" parent="Node2D"]
visible = false
margin_left = 40.0
margin_top = 103.0
margin_right = 227.0
margin_bottom = 198.0
custom_fonts/font = SubResource( 1 )
text = "0000"
align = 1

[node name="borders_tiled_gles3" type="NinePatchRect" parent="Node2D"]
visible = false
margin_left = 361.0
margin_top = 23.0
margin_right = 1671.0
margin_bottom = 1215.0
rect_scale = Vector2( 0.5, 0.5 )
texture = ExtResource( 4 )
region_rect = Rect2( 49.2036, 44.0807, 482.049, 1032.06 )
patch_margin_left = 124
patch_margin_top = 208
patch_margin_right = 125
patch_margin_bottom = 275
axis_stretch_horizontal = 2
axis_stretch_vertical = 1

[node name="ColorRect" type="ColorRect" parent="Node2D"]
physics_interpolation_mode = 1
margin_left = 73.0
margin_top = 87.0
margin_right = 994.0
margin_bottom = 807.0
mouse_filter = 2
color = Color( 0.2914, 0.62, 0.404356, 0.639216 )

[node name="Borders" parent="Node2D" instance=ExtResource( 9 )]
margin_left = 29.0
margin_top = 32.0
margin_right = 1647.0
margin_bottom = 1425.0
rect_scale = Vector2( 0.616306, 0.616306 )
input_pass_on_modal_close_click = false

[node name="borders_noTiled" type="Sprite" parent="Node2D"]
visible = false
position = Vector2( 949, 526 )
scale = Vector2( 0.801182, 0.801182 )
z_index = -1
texture = ExtResource( 8 )
